% Encoding: UTF-8

@Manual{dc_micromotor2842c,
  title       = {DC-Micromotors Series 2842 C Datasheet},
  author      = {MicroMo Electronics, Inc.},
  institution = {{FAULHABER}},
  url         = {https://pages.mtu.edu/~wjendres/ProductRealization1Course/Motor_Specs.pdf},
}

@MastersThesis{monasterio_modeladoDC,
  author = {Felix Monasterio-Huelin and Alvaro Gutierrez},
  title  = {Modelado de un motorDC},
  school = {unknown},
  year   = {2020},
}

@Comment{jabref-meta: databaseType:bibtex;}
